@inproceedings{triggerBasedORM,
   author = {Gupta, Priya and Zeldovich, Nickolai and Madden, Samuel},
   title = {A trigger-based middleware cache for ORMs},
   booktitle = {Proceedings of the 12th ACM/IFIP/USENIX international conference on Middleware},
   series = {Middleware'11},
   year = {2011},
   isbn = {978-3-642-25820-6},
   location = {Lisbon, Portugal},
   pages = {329--349},
   numpages = {21},
   url = {http://dx.doi.org/10.1007/978-3-642-25821-3\_17},
   doi = {10.1007/978-3-642-25821-3\_17},
   acmid = {2188484},
   publisher = {Springer-Verlag},
   address = {Berlin, Heidelberg}
}

@article{sqlCached,
   added-at = {2010-12-08T00:00:00.000+0100},
   author = {Voras, Ivan and Zagar, Mario},
   biburl = {http://www.bibsonomy.org/bibtex/21e830b1ee27f8fc7461ae69d5e7138d8/dblp},
   ee = {http://cit.srce.hr/index.php/CIT/article/view/1683},
   interhash = {67aca242dddcf50685a4d1f1c5923758},
   intrahash = {1e830b1ee27f8fc7461ae69d5e7138d8},
   journal = {CIT},
   keywords = {dblp},
   number = 4,
   pages = {317-323},
   timestamp = {2010-12-08T00:00:00.000+0100},
   title = {Web-enabling Cache Daemon for Complex Data.},
   url = {http://dblp.uni-trier.de/db/journals/cit/cit16.html\#VorasZ08},
   volume = 16,
   year = 2008
}

@inproceedings{cacheInvalidationWebSearch,
   author = {Bai, Xiao and Junqueira, Flavio P.},
   title = {Online result cache invalidation for real-time web search},
   booktitle = {Proceedings of the 35th international ACM SIGIR conference on Research and development in information retrieval},
   series = {SIGIR '12},
   year = {2012},
   isbn = {978-1-4503-1472-5},
   location = {Portland, Oregon, USA},
   pages = {641--650},
   numpages = {10},
   url = {http://doi.acm.org/10.1145/2348283.2348369},
   doi = {10.1145/2348283.2348369},
   acmid = {2348369},
   publisher = {ACM},
   address = {New York, NY, USA},
   keywords = {cache invalidation, real-time indexing, result cache, web search engine},
}

@inproceedings{refreshingPerspectiveSearch,
   author = {Cambazoglu, Berkant Barla and Junqueira, Flavio P. and Plachouras, Vassilis and Banachowski, Scott and Cui, Baoqiu and Lim, Swee and Bridge, Bill},
   title = {A refreshing perspective of search engine caching},
   booktitle = {Proceedings of the 19th international conference on World wide web},
   series = {WWW '10},
   year = {2010},
   isbn = {978-1-60558-799-8},
   location = {Raleigh, North Carolina, USA},
   pages = {181--190},
   numpages = {10},
   url = {http://doi.acm.org/10.1145/1772690.1772710},
   doi = {10.1145/1772690.1772710},
   acmid = {1772710},
   publisher = {ACM},
   address = {New York, NY, USA},
   keywords = {caching, index updates, refresh, web search engines},
}

@inproceedings{cacheAdmissionPolicies,
   author = {Baeza-Yates, Ricardo and Junqueira, Flavio and Plachouras, Vassilis and Witschel, Hans Friedrich},
   title = {Admission policies for caches of search engine results},
   booktitle = {Proceedings of the 14th international conference on String processing and information retrieval},
   series = {SPIRE'07},
   year = {2007},
   isbn = {3-540-75529-2, 978-3-540-75529-6},
   location = {Santiago, Chile},
   pages = {74--85},
   numpages = {12},
   url = {http://dl.acm.org/citation.cfm?id=1778666.1778673},
   acmid = {1778673},
   publisher = {Springer-Verlag},
   address = {Berlin, Heidelberg},
}

@article{designTradeOffsSearchEngine,
   author = {Baeza-Yates, Ricardo and Gionis, Aristides and Junqueira, Flavio P. and Murdock, Vanessa and Plachouras, Vassilis and Silvestri, Fabrizio},
   title = {Design trade-offs for search engine caching},
   journal = {ACM Trans. Web},
   issue_date = {October 2008},
   volume = {2},
   number = {4},
   month = oct,
   year = {2008},
   issn = {1559-1131},
   pages = {20:1--20:28},
   articleno = {20},
   numpages = {28},
   url = {http://doi.acm.org/10.1145/1409220.1409223},
   doi = {10.1145/1409220.1409223},
   acmid = {1409223},
   publisher = {ACM},
   address = {New York, NY, USA},
   keywords = {Caching, Web search, query logs},
}

@misc{keyBasedCacheExpiration,
   author = {Hansson, David H.},
   title = {How key-based cache expiration works},
   type = {Blog},
   number = {February 19},
   year = {2012},
   howpublished = {\url{http://37signals.com/svn/posts/3113-how-key-based-cache-expiration-works}}
}

@misc{howBasecampGotSoFast,
   author = {Hansson, David H.},
   title = {How Basecamp Next got to be so damn fast without using much client-side UI},
   type = {Blog},
   number = {February 17},
   year = {2012},
   howpublished = {\url{http://37signals.com/svn/posts/3112-how-basecamp-next-got-to-be-so-damn-fast-without-using-much-client-side-ui}}
}

@inproceedings{comparisonOfCachingSolutions,
   author = {Datta, Anindya and Dutta, Kaushik and Thomas, Helen M. and VanderMeer, Debra E. and Ramamritham, Krithi and Fishman, Dan},
   title = {A Comparative Study of Alternative Middle Tier Caching Solutions to Support Dynamic Web Content Acceleration},
   booktitle = {Proceedings of the 27th International Conference on Very Large Data Bases},
   series = {VLDB '01},
   year = {2001},
   isbn = {1-55860-804-4},
   pages = {667--670},
   numpages = {4},
   url = {http://dl.acm.org/citation.cfm?id=645927.672364},
   acmid = {672364},
   publisher = {Morgan Kaufmann Publishers Inc.},
   address = {San Francisco, CA, USA},
}

@inproceedings{timestampCacheInvalidation,
   author = {Alici, Sadiye and Altingovde, Ismail Sengor and Ozcan, Rifat and Cambazoglu, Berkant Barla and Ulusoy, \"{O}zg\"{u}r},
   title = {Timestamp-based result cache invalidation for web search engines},
   booktitle = {Proceedings of the 34th international ACM SIGIR conference on Research and development in Information Retrieval},
   series = {SIGIR '11},
   year = {2011},
   isbn = {978-1-4503-0757-4},
   location = {Beijing, China},
   pages = {973--982},
   numpages = {10},
   url = {http://doi.acm.org/10.1145/2009916.2010046},
   doi = {10.1145/2009916.2010046},
   acmid = {2010046},
   publisher = {ACM},
   address = {New York, NY, USA},
   keywords = {cache invalidation, freshness, result cache, web search},
}

@inproceedings{onCachingSearchEngineResults,
   author = {Evangelos P. Markatos},
   title = {On caching search engine query results},
   booktitle = {Computer Communications},
   year = {2000},
   pages = {2001}
}

@inproceedings{scalableConsistentCaching,
   author={Challenger, J. and Iyengar, A. and Dantzig, P.},
   booktitle={INFOCOM '99. Eighteenth Annual Joint Conference of the IEEE Computer and Communications Societies. Proceedings. IEEE},
   title={A scalable system for consistently caching dynamic Web data},
   year={1999},
   month={mar},
   volume={1},
   number={},
   pages={294 -303 vol.1},
   keywords={1998 Olympic Winter Games;Web servers;Web site;cache hit rates;cached objects;data dependence information;data update propagation;dynamic Web data caching;graph traversal algorithms;scalable system;cache storage;entertainment;graph theory;information resources;search engines;sport;},
   doi={10.1109/INFCOM.1999.749295},
   ISSN={0743-166X},
}

inproceedings{clusteredMemcache,
   author={Bakar, K.A. and Shaharill, M.H.M. and Ahmed, M.},
   booktitle={Information and Communication Technology for the Muslim World (ICT4M), 2010 International Conference on}, title={Performance evaluation of a clustered memcache},
   year={2010},
   month={dec.},
   volume={},
   number={},
   pages={E54 -E60},
   keywords={Web application;clustered memcache;object caching system;performance evaluation;scalability mechanism;Internet;file organisation;pattern clustering;performance evaluation;},
   doi={10.1109/ICT4M.2010.5971915},
   ISSN={},
}

inproceedings{semanticCaching,
   author = {Dar, Shaul and Franklin, Michael J. and J\'{o}nsson, Bj\"{o}rn \TH\'{o}r and Srivastava, Divesh and Tan, Michael},
   title = {Semantic Data Caching and Replacement},
   booktitle = {Proceedings of the 22th International Conference on Very Large Data Bases},
   series = {VLDB '96},
   year = {1996},
   isbn = {1-55860-382-4},
   pages = {330--341},
   numpages = {12},
   url = {http://dl.acm.org/citation.cfm?id=645922.673462},
   acmid = {673462},
   publisher = {Morgan Kaufmann Publishers Inc.},
   address = {San Francisco, CA, USA},
}

inproceedings{formBasedCaching,
   author = {Luo, Qiong and Naughton, Jeffrey F.},
   title = {Form-Based Proxy Caching for Database-Backed Web Sites},
   booktitle = {Proceedings of the 27th International Conference on Very Large Data Bases},
   series = {VLDB '01},
   year = {2001},
   isbn = {1-55860-804-4},
   pages = {191--200},
   numpages = {10},
   url = {http://dl.acm.org/citation.cfm?id=645927.672041},
   acmid = {672041},
   publisher = {Morgan Kaufmann Publishers Inc.},
   address = {San Francisco, CA, USA},
}

article{adaptiveCaching,
   author = {Li, Wen-Syan and Po, Oliver and Hsiung, Wang-Pin and Candan, K. Sel\c{c}uk and Agrawal, Divyakant},
   title = {Freshness-driven adaptive caching for dynamic content web sites},
   journal = {Data Knowl. Eng.},
   issue_date = {November 2003},
   volume = {47},
   number = {2},
   month = nov,
   year = {2003},
   issn = {0169-023X},
   pages = {269--296},
   numpages = {28},
   url = {http://dx.doi.org/10.1016/S0169-023X(03)00093-4},
   doi = {10.1016/S0169-023X(03)00093-4},
   acmid = {961813},
   publisher = {Elsevier Science Publishers B. V.},
   address = {Amsterdam, The Netherlands, The Netherlands},
   keywords = {dynamic content, freshness, network latency, response time, web acceleration},
}
