@inproceedings{triggerBasedORM,
   author = {Gupta, Priya and Zeldovich, Nickolai and Madden, Samuel},
   title = {A trigger-based middleware cache for ORMs},
   booktitle = {Proceedings of the 12th ACM/IFIP/USENIX international conference on Middleware},
   series = {Middleware'11},
   year = {2011},
   isbn = {978-3-642-25820-6},
   location = {Lisbon, Portugal},
   pages = {329--349},
   numpages = {21},
   url = {http://dx.doi.org/10.1007/978-3-642-25821-3\_17},
   doi = {10.1007/978-3-642-25821-3\_17},
   acmid = {2188484},
   publisher = {Springer-Verlag},
   address = {Berlin, Heidelberg}
}

@article{journals/cit/VorasZ08,
   added-at = {2010-12-08T00:00:00.000+0100},
   author = {Voras, Ivan and Zagar, Mario},
   biburl = {http://www.bibsonomy.org/bibtex/21e830b1ee27f8fc7461ae69d5e7138d8/dblp},
   ee = {http://cit.srce.hr/index.php/CIT/article/view/1683},
   interhash = {67aca242dddcf50685a4d1f1c5923758},
   intrahash = {1e830b1ee27f8fc7461ae69d5e7138d8},
   journal = {CIT},
   keywords = {dblp},
   number = 4,
   pages = {317-323},
   timestamp = {2010-12-08T00:00:00.000+0100},
   title = {Web-enabling Cache Daemon for Complex Data.},
   url = {http://dblp.uni-trier.de/db/journals/cit/cit16.html\#VorasZ08},
   volume = 16,
   year = 2008
}
